
    <record>
        <leader>03470naa#a2200445#c#4500</leader>
        <controlfield tag="001">997130996703340</controlfield>
        <controlfield tag="005">20230909031228.0</controlfield>
        <controlfield tag="007">cr#|||||||||||</controlfield>
        <controlfield tag="008">230829s2023####||||||||o|||||||||||eng|c</controlfield>
        <controlfield tag="009">AC16930454</controlfield>
        <datafield tag="024" ind1="7" ind2=" ">
            <subfield code="a">10-35011/IDIMT-2023-329</subfield>
            <subfield code="2">doi</subfield>
        </datafield>
        <datafield tag="024" ind1="7" ind2=" ">
            <subfield code="a">urn:nbn:at:at-ubl:3-20770</subfield>
            <subfield code="2">urn</subfield>
        </datafield>
        <datafield tag="035" ind1=" " ind2=" ">
            <subfield code="a">(AT-OBV)AC16930454</subfield>
        </datafield>
        <datafield tag="035" ind1=" " ind2=" ">
            <subfield code="a">(VLID)9026926</subfield>
        </datafield>
        <datafield tag="035" ind1=" " ind2=" ">
            <subfield code="a">(DE-599)OBVAC16930454</subfield>
        </datafield>
        <datafield tag="035" ind1=" " ind2=" ">
            <subfield code="a">(EXLNZ-43ACC_NETWORK)99147604950803331</subfield>
        </datafield>
        <datafield tag="040" ind1=" " ind2=" ">
            <subfield code="a">AT-UBL</subfield>
            <subfield code="b">ger</subfield>
            <subfield code="d">AT-UBL</subfield>
            <subfield code="e">rda</subfield>
        </datafield>
        <datafield tag="041" ind1=" " ind2=" ">
            <subfield code="a">eng</subfield>
        </datafield>
        <datafield tag="044" ind1=" " ind2=" ">
            <subfield code="c">XA-AT</subfield>
        </datafield>
        <datafield tag="100" ind1="1" ind2=" ">
            <subfield code="a">Pollák, František</subfield>
            <subfield code="4">aut</subfield>
            <subfield code="9">(orcid)0000-0001-6346-8629</subfield>
        </datafield>
        <datafield tag="245" ind1="1" ind2="0">
            <subfield code="a">Online Reputation of Selected E-Commerce Entities Through the Lens of Pandemic and Post-Pandemic Comparison</subfield>
        </datafield>
        <datafield tag="264" ind1=" " ind2="1">
            <subfield code="a">Linz</subfield>
            <subfield code="b">Trauner Verlag</subfield>
            <subfield code="c">2023</subfield>
        </datafield>
        <datafield tag="300" ind1=" " ind2=" ">
            <subfield code="a">1 Online-Ressource</subfield>
        </datafield>
        <datafield tag="336" ind1=" " ind2=" ">
            <subfield code="b">txt</subfield>
        </datafield>
        <datafield tag="337" ind1=" " ind2=" ">
            <subfield code="b">c</subfield>
        </datafield>
        <datafield tag="338" ind1=" " ind2=" ">
            <subfield code="b">cr</subfield>
        </datafield>
        <datafield tag="506" ind1="0" ind2=" ">
            <subfield code="f">Unrestricted online access</subfield>
            <subfield code="2">star</subfield>
        </datafield>
        <datafield tag="520" ind1=" " ind2=" ">
            <subfield code="a">eng: The main goal of the contribution is to present the results of a comparative analysis of the development of the level of online reputation of the most important industry representatives from among the electronic commerce entities operating on the Slovak market across the individual phases of the pandemic. The reference point for comparison is the measured levels of individual determinants of online reputation for specific entities at the time of the outbreak of the COVID-19 pandemic in 2020. State values represent the levels of individual determinants of online reputation measured at the time of the lifting of the last pandemic-related restrictions in the second quarter of 2023. The same methodology of extended sentiment analysis was used for both measurements. By comparing two measurements, at the time of onset, and at the time of retreat of the COVID-19 pandemic, we find that most subjects notice a significant improvement in the basic sentiment level of search results within the Google ecosystem over the monitored period. On the other hand, however, the analyzed subjects recorded during pandemic a real decline in the dynamic side of online reputation created by reputation determinants of a more complex nature. The results indicate that from the point of view of basic online reputation optimization, it is possible to view the three years of the pandemic period as an accelerator of digital transformation. However, continuous research is needed to compile more complex development trends.</subfield>
        </datafield>
        <datafield tag="540" ind1=" " ind2=" ">
            <subfield code="f">CC BY-NC-ND 4.0</subfield>
            <subfield code="u">https://creativecommons.org/licenses/by-nc-nd/4.0/deed.de</subfield>
            <subfield code="2">cc</subfield>
        </datafield>
        <datafield tag="653" ind1=" " ind2="0">
            <subfield code="a">E-commerce</subfield>
        </datafield>
        <datafield tag="653" ind1=" " ind2="0">
            <subfield code="a">Accelerated digitization</subfield>
        </datafield>
        <datafield tag="653" ind1=" " ind2="0">
            <subfield code="a">Digital transformation</subfield>
        </datafield>
        <datafield tag="653" ind1=" " ind2="0">
            <subfield code="a">Supply chain</subfield>
        </datafield>
        <datafield tag="653" ind1=" " ind2="0">
            <subfield code="a">COVID-19 pandemic</subfield>
        </datafield>
        <datafield tag="653" ind1=" " ind2="0">
            <subfield code="a">Online Reputation Management</subfield>
        </datafield>
        <datafield tag="700" ind1="1" ind2=" ">
            <subfield code="a">Markovič, Peter</subfield>
            <subfield code="4">aut</subfield>
            <subfield code="9">(orcid)0000-0003-3870-8082</subfield>
        </datafield>
        <datafield tag="700" ind1="1" ind2=" ">
            <subfield code="a">Kalamen, Kristián</subfield>
            <subfield code="4">aut</subfield>
            <subfield code="9">(orcid)0000-0003-0507-8619</subfield>
        </datafield>
        <datafield tag="773" ind1="0" ind2="8">
            <subfield code="i">Enthalten in</subfield>
            <subfield code="t">IDIMT-2023 : New Challenges for ICT and Management; 31st Interdisciplinary Information Management Talks Sept. 6–8, 2023 Hradec Králové, Czech Republic / Doucek, Petr ; Sonntag, Michael ; Nedomova, Lea</subfield>
            <subfield code="d">Linz : Trauner Verlag, 2023</subfield>
            <subfield code="g">(2023), Seite 329-336</subfield>
            <subfield code="k">Schriftenreihe Informatik ; Band: 52</subfield>
            <subfield code="w">(AT-OBV)9022873</subfield>
            <subfield code="z">978-3-99151-176-2</subfield>
        </datafield>
        <datafield tag="856" ind1="4" ind2="0">
            <subfield code="m">V:AT-OBV;B:AT-UBL</subfield>
            <subfield code="o">OBV-EDOC-VL</subfield>
            <subfield code="q">text/html</subfield>
            <subfield code="u">https://resolver.obvsg.at/urn:nbn:at:at-ubl:3-20770</subfield>
            <subfield code="x">UBL</subfield>
            <subfield code="z">kostenfrei</subfield>
            <subfield code="3">Volltext</subfield>
        </datafield>
        <datafield tag="970" ind1="2" ind2=" ">
            <subfield code="d">OA-BOOKPART</subfield>
        </datafield>
        <datafield tag="970" ind1="9" ind2=" ">
            <subfield code="m">V:AT-OBV;B:AT-UBL</subfield>
            <subfield code="q">application/pdf</subfield>
            <subfield code="u">http://media.obvsg.at/AC16930454-2001</subfield>
            <subfield code="x">UBL</subfield>
            <subfield code="z">kostenfrei</subfield>
            <subfield code="3">Volltext</subfield>
        </datafield>
    </record>